<?xml version="1.0" encoding="UTF-8"?><collection xmlns="http://www.loc.gov/MARC21/slim"><record><leader>00522nam--2200157-i-4500</leader><controlfield tag="001">000003611</controlfield><controlfield tag="002">20161230</controlfield><controlfield tag="005">20170302000522</controlfield><controlfield tag="008">060222s1000------------r-----000-0-eng-d</controlfield><datafield ind1=" " ind2=" " tag="100"><subfield code="a">Dammers, B. G</subfield></datafield><datafield ind1=" " ind2=" " tag="245"><subfield code="a">Application of the electronic valve in radio receivers and amplifiers. Translated by S.H. Alexander. Book IV</subfield></datafield><datafield ind1=" " ind2=" " tag="260"><subfield code="a">Eindhoven/Netherlands</subfield><subfield code="b">N.V.Philips Gloeipampenfabrieken</subfield><subfield code="c">1950</subfield></datafield><datafield ind1=" " ind2=" " tag="300"><subfield code="a">24+416 p</subfield></datafield><datafield ind1=" " ind2=" " tag="490"><subfield code="a">Series Of Books On Electronic Valves</subfield></datafield><datafield ind1=" " ind2=" " tag="700"><subfield code="a">Otte, J</subfield></datafield><datafield ind1=" " ind2=" " tag="CAT"><subfield code="a">SYS</subfield><subfield code="c">20170302</subfield><subfield code="h">000522</subfield></datafield></record></collection>